<record><leader>00000cas a2200000 a 4500</leader><controlfield tag="001">11420510</controlfield><controlfield tag="008">841126d18811886coudn ne      0    0eng d</controlfield><datafield ind1=" " ind2=" " tag="010"><subfield code="a">sn 86091271 </subfield></datafield><datafield ind1=" " ind2=" " tag="040"><subfield code="a">COG</subfield><subfield code="b">eng</subfield><subfield code="c">COG</subfield><subfield code="d">UNP</subfield><subfield code="d">CNQ</subfield><subfield code="d">OCL</subfield><subfield code="d">OCLCQ</subfield></datafield><datafield ind1=" " ind2=" " tag="042"><subfield code="a">msc</subfield></datafield><datafield ind1=" " ind2="4" tag="050"><subfield code="a">AN2.C6</subfield><subfield code="b">D87</subfield></datafield><datafield ind1="0" ind2=" " tag="130"><subfield code="a">Durango herald (Durango, Colo. : Daily : 1881)</subfield></datafield><datafield ind1="1" ind2="0" tag="245"><subfield code="a">Durango herald.</subfield></datafield><datafield ind1="3" ind2="0" tag="246"><subfield code="a">Durango daily herald</subfield></datafield><datafield ind1=" " ind2=" " tag="260"><subfield code="a">Durango, Colo. :</subfield><subfield code="b">J.L. &amp; G. Marsh</subfield></datafield><datafield ind1=" " ind2=" " tag="300"><subfield code="a">v.</subfield></datafield><datafield ind1=" " ind2=" " tag="310"><subfield code="a">Daily (except Sun.)</subfield></datafield><datafield ind1=" " ind2=" " tag="321"><subfield code="a">Daily (except Mon.),</subfield><subfield code="b">&lt;May-Nov. 1882&gt;</subfield></datafield><datafield ind1="1" ind2=" " tag="362"><subfield code="a">Began in 1881? Ceased in 1886.</subfield></datafield><datafield ind1=" " ind2=" " tag="500"><subfield code="a">Published as: Durango daily herald, &lt;May-Dec. 1883&gt;.</subfield></datafield><datafield ind1=" " ind2=" " tag="580"><subfield code="a">Weekly ed.: Durango herald (Durango, Colo. : Weekly : 1881).</subfield></datafield><datafield ind1=" " ind2=" " tag="588"><subfield code="a">Description based on: Vol. 1, no. 2 (July 7, 1881).</subfield></datafield><datafield ind1=" " ind2=" " tag="752"><subfield code="a">United States</subfield><subfield code="b">Colorado</subfield><subfield code="c">La Plata</subfield><subfield code="d">Durango.</subfield></datafield><datafield ind1="1" ind2=" " tag="775"><subfield code="t">Durango herald (Durango, Colo. : Weekly : 1881)</subfield><subfield code="w">(DLC)sn 85067364</subfield><subfield code="w">(OCoLC)13080144</subfield></datafield><datafield ind1="0" ind2="5" tag="780"><subfield code="t">Durango record (Durango, Colo. : Daily)</subfield><subfield code="w">(DLC)sn 86063199</subfield><subfield code="w">(OCoLC)13080244</subfield></datafield><datafield ind1="0" ind2="0" tag="785"><subfield code="t">Durango morning herald</subfield><subfield code="w">(DLC)sn 86063207</subfield><subfield code="w">(OCoLC)13147418</subfield></datafield></record>